% This file was created with JabRef 2.7.2.
% Encoding: Cp1252

@ARTICLE{Abbott2005,
  author = {Abbott, M.},
  title = {Determining levels of productivity and efficiency in the electricity
	industry},
  journal = {The Electricity Journal},
  year = {2005},
  volume = {18},
  pages = {62--72},
  number = {9},
  publisher = {Elsevier}
}

@ARTICLE{Alvarez2006,
  author = {Alvarez, A. and Amsler, C. and Orea, L. and Schmidt, P.},
  title = {Interpreting and testing the scaling property in models where inefficiency
	depends on firm characteristics},
  journal = {Journal of Productivity Analysis},
  year = {2006},
  volume = {25},
  pages = {201--212},
  number = {3}
}

@ARTICLE{Arun1998,
  author = {Arun, T. G. and Nixson, F. I.},
  title = {{The reform of the power sector in India: 1991-1997}},
  journal = {Journal of International Development},
  year = {1998},
  volume = {10},
  pages = {417--426},
  number = {4}
}

@ARTICLE{Balachandra2006,
  author = {Balachandra, P.},
  title = {{Implications of private sector participation in power generation
	a case study from India}},
  journal = {Energy Policy},
  year = {2006},
  volume = {34},
  pages = {2466--2479},
  number = {16}
}

@ARTICLE{Battese1995,
  author = {Battese, G. E. and Coelli, T. J.},
  title = {A model for technical inefficiency effects in a stochastic frontier
	production function for panel data},
  journal = {Empirical Economics},
  year = {1995},
  volume = {20},
  pages = {325--332},
  number = {2}  
}



@ARTICLE{Behera2011,
  author = {Behera, SK and Farooquie, JA and Dash, AP},
  title = {Productivity change of coal-fired thermal power plants in India:
	a Malmquist index approach},
  journal = {IMA Journal of Management Mathematics},
  year = {2011},
  volume = {22},
  pages = {387--400},
  number = {4},
  publisher = {IMA}
}

@ARTICLE{Bhattacharyya2005,
  author = {Bhattacharyya, Subhes C},
  title = {{The Electricity Act 2003: Will it transform the Indian power sector?}},
  journal = {Utilities Policy},
  year = {2005},
  volume = {13},
  pages = {260--272}
}

@ARTICLE{Bushnell2005,
  title={Ownership Change, Incentives and Plant Efficiency: The Divestiture of US Electric Generation Plants},
  author={Bushnell, J.B. and Wolfram, C.},
  journal={Center for the Study of Energy Markets},
  pages={CSEMWP--140},
  year={2005}
}


@TECHREPORT{CEA2008,
  title={Review of Performance of Thermal Power Stations 2007-08},
  author={CEA},
  year={2008},
  type={Report},
  institution={Central Electricity Authority, Ministry of Power, Government of India},
  volume={1},
  address={New Delhi}
}

@ARTICLE{Chitkara1999,
  title={A data envelopment analysis approach to evaluation of operational inefficiencies in power generating units: a case study of Indian power plants},
  author={Chitkara, P.},
  journal={Power Systems, IEEE Transactions on},
  volume={14},
  number={2},
  pages={419--425},
  year={1999},
  publisher={IEEE}
}

@ARTICLE{Christensen1973,
  author = {Christensen, LR and Jorgenson, DW},
  title = {{Transcendental Logarithmic Production Frontiers}},
  journal = {The review of economics and statistics},
  year = {1973},
  volume = {55},
  pages = {28--45},
  number = {1}
}

@ARTICLE{Christensen1971,
  author = {Christensen, L. R and Jorgenson, D. W and Lau, L. J},
  title = {{Conjugate duality and the transcendental logarithmic production
	function}},
  journal = {Econometrica},
  year = {1971},
  volume = {39},
  pages = {255--256},
  number = {4}
}

@TECHREPORT{Cropper2011,
  author = {Cropper, M.L. and Limonov, A. and Malik, K. and Singh,
	A.},
  title = {Estimating the Impact of Restructuring on Electricity Generation
	Efficiency: The Case of the Indian Thermal Power Sector},
  institution = {National Bureau of Economic Research},
  year = {2011},
  type = {Working Paper},
  number = {17383}
}


@ARTICLE{Dsa1999,
  author = {D'Sa, A. and Murthy, K.V.N. and Reddy, A.K.N.},
  title = {India's Power Sector Liberalisation: An Overview},
  journal = {Economic and Political Weekly},
  year = {1999},
  pages = {1427--1434}
}

@ARTICLE{Diewert1976,
  author = {Diewert, W.E.},
  title = {Exact and superlative index numbers},
  journal = {Journal of econometrics},
  year = {1976},
  volume = {4},
  pages = {115--145},
  number = {2},
  publisher = {Elsevier}
}

@ARTICLE{Divisia1925,
  author = {Divisia, F},
  title = {{L'indice monetaire et la theorie de la monnaie}},
  journal = {Revue d'Economie Politique},
  year = {1925},
  volume = {39}
}

@ARTICLE{Dubash2001,
  author = {Dubash, N.K. and Rajan, S.C.},
  title = {Power politics: Process of power sector reform in India},
  journal = {Economic and Political Weekly},
  year = {2001},
  pages = {3367--3390}
}


@ARTICLE{Fabrizio2007,
  author = {Fabrizio, K. R. and Rose, N. L. and Wolfram, C.D.},
  title = {Do Markets Reduce Costs? Assessing the Impact of Regulatory Restructuring
	on {US} Electric Generation Efficiency},
  journal = {The American Economic Review},
  year = {2007},
  volume = {97},
  pages = {1250--1277},
  number = {4}  
}


@ARTICLE{Newbery1997,
  author = {Newbery, D.M. and Pollitt, M.G.},
  title = {The Restructuring and Privatisation of Britain's CEGB-Was It
	Worth It?},
  journal = {The Journal of Industrial Economics},
  year = {1997},
  volume = {45},
  pages = {269--303},
  number = {3}  
}


@ARTICLE{GOI2003,
  author = {GOI},
  title = {The Electricity Act 2003},
  journal = {Goverment of India, New Delhi},
  year = {2003},
 url={http://www.powermin.nic.in/acts_notification/electricity_act2003/preliminary.htm}
}

@ARTICLE{Greene2005,
  author = {Greene, William},
  title = {{Fixed and random effects in stochastic frontier models}},
  journal = {Journal of Productivity Analysis},
  year = {2005},
  volume = {23},
  pages = {7--32},
  number = {1},
  keywords = {Essay1,Folder - Productivity}
}

@ARTICLE{Greene2005b,
  author = {Greene, William},
  title = {{Reconsidering heterogeneity in panel data estimators of the stochastic
	frontier model}},
  journal = {Journal of Econometrics},
  year = {2005},
  volume = {126},
  pages = {269--303},
  number = {2}
}

@ARTICLE{Hjalmarsson1996,
  author = {Hjalmarsson, L. and Kumbhakar, S.C. and Heshmati, A.},
  title = {{DEA}, {DFA} and {SFA:} A comparison},
  journal = {Journal of Productivity Analysis},
  year = {1996},
  volume = {7},
  pages = {303--327},
  number = {2-3}  
}

@ARTICLE{Hiebert2002,
  title={The determinants of the cost efficiency of electric generating plants: a stochastic frontier approach},
  author={Hiebert, L.D.},
  journal={Southern Economic Journal},
  pages={935--946},
  year={2002} 
}

@BOOK{Joskow1983,
  title={Markets for power: an analysis of electric utility deregulation},
  author={Joskow, P.L. and Schmalensee, R.},
  year={1983},
  publisher={MIT Press},
  place={Cambridge, MA}
}


@ARTICLE{Khanna1999,
  title={Barriers to energy-efficiency in electricity generation in India},
  author={Khanna, M. and Zilberman, D.},
  journal={The Energy Journal},
  pages={25--41},
  volume={20},
  number={1},
  year={1999}  
}

@ARTICLE{Khanna1999b,
  title={Parametric and semi-parametric estimation of the effect of firm attributes on efficiency: the electricity generating industry in India},
  author={Khanna, M. and Mundra, K. and Ullah, A.},
  journal={Journal of International Trade \& Economic Development},
  volume={8},
  number={4},
  pages={419--430},
  year={1999}  
}


@ARTICLE{Knittel2002,
  title={Alternative regulatory methods and firm efficiency: stochastic frontier evidence from the US electricity industry},
  author={Knittel, C.R.},
  journal={Review of Economics and Statistics},
  volume={84},
  number={3},
  pages={530--540},
  year={2002}  
}

@ARTICLE{Kopsakangas2011,
  title={Observed and unobserved heterogeneity in stochastic frontier models: An application to the electricity distribution industry},
  author={Kopsakangas-Savolainen, M. and Svento, R.},
  journal={Energy Economics},
  volume={33},
  number={2},
  pages={304--310},
  year={2011}  
}

@ARTICLE{Shanmugam2005,
  title={Efficiency analysis of coal-based thermal power generation in India during post-reform era},
  author={Shanmugam, KR and Kulshreshtha, P.},
  journal={International journal of global energy issues},
  volume={23},
  number={1},
  pages={15--28},
  year={2005}  
}

@BOOK{kumbhakar2003,
  title = {Stochastic frontier analysis},
  publisher = {Cambridge University Press},
  year = {2003},
  author = {Kumbhakar, S.C. and Lovell, C.A.K.}
}

@ARTICLE{Lancaster2000,
  author = {Lancaster, T.},
  title = {The incidental parameter problem since 1948},
  journal = {Journal of econometrics},
  year = {2000},
  volume = {95},
  pages = {391--413},
  number = {2}
}

@ARTICLE{Neyman1948,
  author = {Neyman, J. and Scott, Elizabeth L.},
  title = {Consistent Estimates Based on Partially Consistent Observations},
  journal = {Econometrica},
  year = {1948},
  volume = {16},
  pages = {1--32},
  number = {1}
}

@ARTICLE{Pitt1981,
  author = {Pitt, Mark M and Lee, Lung-Fei},
  title = {{The measurement and sources of technical inefficiency in the Indonesian
	weaving industry}},
  journal = {Journal of Development Economics},
  year = {1981},
  volume = {9},
  pages = {43--64},
  number = {1},
  keywords = {Essay1,Folder - Productivity}
}

@TECHREPORT{Jamasb2005,
  author = {Jamasb, T.M. and Mota, R. and Newbery, D. and Pollitt, M.},
  title = {Electricity sector reform in developing countries : a survey of empirical
	evidence on determinants and performance},
  institution = {The World Bank},
  year = {2005},
  type = {Policy Research Working Paper Series},
  number = {3549}  
}


@ARTICLE{Jamasb2001,
  title={Benchmarking and regulation: international electricity experience},
  author={Jamasb, T. and Pollitt, M.},
  journal={Utilities Policy},
  volume={9},
  number={3},
  pages={107--130},
  year={2000},
  publisher={Elsevier}
}

@ARTICLE{Ranganathan2004,
  author = {Ranganathan, V.},
  title = {{Electricity Act 2003: Moving to a Competitive Environment}},
  journal = {Economic and Political Weekly},
  year = {2004},
  volume = {39},
  pages = {2001--2005},
  number = {20}
}

@ARTICLE{Sankar2004,
  title={Electricity act 2003: dark shadows over a bright vision},
  author={Sankar, T.L.},
  journal={Economic and Political Weekly},
  pages={839--844},
  year={2004},
  publisher={JSTOR}
}

@ARTICLE{Saxena2011,
  author = {Saxena, Seema},
  title = {{Performance evaluation of Indian electrical distribution utilities
	in the post Electricity Act 2003 era}},
  journal = {International Journal of Engineering},
  year = {2011},
  volume = {2},
  pages = {281--292},
  number = {4}
}

@TECHREPORT{Sen2010,
  author = {Sen, A. and Jamasb, T.},
  title = {The Economic Effects of Electricity Deregulation: An Empricial Analysis
	of Indian States},
  institution = {Faculty of Economics, University of Cambridge},
  year = {2010},
  type = {Cambridge Working Papers in Economics}  
}


@ARTICLE{Schmidt1984,
  author = {Schmidt, P. and Sickles, R.C.},
  title = {Production frontiers and panel data},
  journal = {Journal of Business \& Economic Statistics},
  year = {1984},
  volume = {2},
  pages = {367--374},
  number = {4},
  publisher = {Taylor \& Francis}
}

@ARTICLE{Shrivastava2012,
  author = {Shrivastava, N. and Sharma, S. and Chauhan, K.},
  title = {{Efficiency assessment and benchmarking of thermal power plants in
	India}},
  journal = {Energy Policy},
  year = {2012},
  volume = {40},
  pages = {159 - 176}
}

@ARTICLE{Shukla2011,
  title={Analysis of competition and market power in the wholesale electricity market in India},
  author={Shukla, U.K. and Thampy, A.},
  journal={Energy Policy},
  volume={39},
  number={5},
  pages={2699--2710},
  year={2011}  
}

@ARTICLE{Siddiqui2012,
  title={Demand response in Indian electricity market},
  author={Siddiqui, M.Z. and de Maere d'Aertrycke, G. and Smeers, Y.},
  journal={Energy Policy},
  volume={50},  
  pages={207--216},  
  year={2012}  
}

@ARTICLE{Singh1991,
  title={Plant size and technical efficiency in the Indian thermal power industry},
  author={Singh, J.},
  journal={Indian Economic Review},
  pages={239--252},
  year={1991},
  publisher={JSTOR}
}

@ARTICLE{Singh2006,
  author = {Singh, A.},
  title = {{Power sector reform in India: current issues and prospects}},
  journal = {Energy Policy},
  year = {2006},
  volume = {34},
  pages = {2480--2490},
  number = {16}
}

@ARTICLE{Singh2010,
  title={Towards a competitive market for electricity and consumer choice in the Indian power sector},
  author={Singh, A.},
  journal={Energy Policy},
  volume={38},
  number={8},
  pages={4196--4208},
  year={2010},
  publisher={Elsevier}
}

@ARTICLE{Thakur2005,
  author = {Thakur, T. and Deshmukh, S.G. and Kaushik, S.C. and Kulshrestha,
	M.},
  title = {{Impact assessment of the Electricity Act 2003 on the Indian power
	sector}},
  journal = {Energy Policy},
  year = {2005},
  volume = {33},
  pages = {1187--1198},
  number = {9}  
}

@ARTICLE{Thakur2006,
  title={Efficiency evaluation of the state owned electric utilities in India},
  author={Thakur, T. and Deshmukh, S.G. and Kaushik, S.C.},
  journal={Energy Policy},
  volume={34},
  number={17},
  pages={2788--2804},
  year={2006}  
}

@ARTICLE{VanBeveren2012,
  author = {{Van Beveren}, Ilke},
  title = {{Total factor productivity estimation: a practical review}},
  journal = {Journal of Economic Surveys},
  year = {2012},
  volume = {26},
  pages = {98--128},
  number = {1}
}

@ARTICLE{vaninsky2006,
  author = {Vaninsky, A.},
  title = {Efficiency of electric power generation in the United States: Analysis
	and forecast based on data envelopment analysis},
  journal = {Energy Economics},
  year = {2006},
  volume = {28},
  pages = {326--338},
  number = {3}
}


@ARTICLE{Wang2002,
  author = {Wang, H.J. and Schmidt, P.},
  title = {One-step and two-step estimation of the effects of exogenous variables
	on technical efficiency levels},
  journal = {Journal of Productivity Analysis},
  year = {2002},
  volume = {18},
  pages = {129--144},
  number = {2},
  publisher = {Springer}
}

@ARTICLE{Wang2010,
  author = {Wang, H.J. and Ho, C.W.},
  title = {{Estimating fixed-effect panel stochastic frontier models by model
	transformation}},
  journal = {Journal of Econometrics},
  year = {2010},
  volume = {157},
  pages = {286--296},
  number = {2}
}

@INCOLLECTION{Wolfram2005,
  author = {Wolfram, Catherine},
  title = {The Efficiency of Electricity Generation in the United States after
	Restructuring},
  booktitle = {Electricity Deregulation: Choices and Challenges},
  publisher = {University of Chicago Press},
  year = {2005},
  editor = {Puller, S.L. and Griffith, J.M.},
  pages = {227--255} 
  
}

@ARTICLE{Yadav2010,
  author = {Yadav, V.K. and Padhy, N.P. and Gupta, H.O.},
  title = {{A micro level study of an Indian electric utility for efficiency
	enhancement}},
  journal = {Energy},
  year = {2010},
  volume = {35},
  pages = {4053--4063},
  number = {10}
}

@ARTICLE{Yadav2011,
  title={Performance evaluation and improvement directions for an Indian electric utility},
  author={Yadav, V.K. and Padhy, N.P. and Gupta, H.O.},
  journal={Energy Policy},
  volume={39},
  number={11},
  pages={7112--7120},
  year={2011}  
}

@ARTICLE{Zhang2008,
  author = {Zhang, Y.F. and Parker, D. and Kirkpatrick, C.},
  title = {Electricity sector reform in developing countries: an econometric
	assessment of the effects of privatization, competition and regulation},
  journal = {Journal of Regulatory Economics},
  year = {2008},
  volume = {33},
  pages = {159--178},
  number = {2}  
}

@ARTICLE{Zhou2008,
  title={A survey of data envelopment analysis in energy and environmental studies},
  author={Zhou, P. and Ang, B.W. and Poh, K.L.},
  journal={European Journal of Operational Research},
  volume={189},
  number={1},
  pages={1--18},
  year={2008}  
}

