% This file was created with JabRef 2.8.1.
% Encoding: Cp1252

@ARTICLE{Abdi2012,
  author = {Abdi, Majid and Aulakh, Preet S},
  title = {Do country-level institutional frameworks and interfirm governance
	arrangements substitute or complement in international business relationships?},
  journal = {Journal of International Business Studies},
  year = {2012},
  volume = {43},
  pages = {477--497},
  number = {5}
}

@ARTICLE{Acemoglu2005a,
  author = {Acemoglu, D. and Johnson, S.},
  title = {Unbundling Institutions},
  journal = {Journal of Political Economy},
  year = {2005},
  volume = {113},
  pages = {949--995},
  number = {5}
}

@INCOLLECTION{Acemoglu2005b,
  author = {Acemoglu, Daron and Johnson, Simon and Robinson, James A.},
  title = {Institutions as a Fundamental Cause of Long-Run Growth},
  booktitle = {Handbook of Economic Growth},
  publisher = {Elsevier},
  year = {2005},
  editor = {Philippe Aghion and Steven N. Durlauf},
  volume = {Volume 1, Part A},
  pages = {385--472}
}

@ARTICLE{Aguilera2010,
  author = {Aguilera, {R.V.} and Jackson, G.},
  title = {Comparative and international corporate governance},
  journal = {The Academy of Management Annals},
  year = {2010},
  volume = {4},
  pages = {485--556},
  number = {1}
}

@ARTICLE{Aguilera2008,
  author = {Aguilera, Ruth V. and Filatotchev, Igor and Gospel, Howard and Jackson,
	Gregory},
  title = {An Organizational Approach to Comparative Corporate Governance: Costs,
	Contingencies, and Complementarities},
  journal = {Organization Science},
  year = {2008},
  volume = {19},
  pages = {475--492},
  number = {3}  
}

@ARTICLE{Alchian1972,
  author = {Alchian, Armen A. and Demsetz, Harold},
  title = {Production, Information Costs, and Economic Organization},
  journal = {The American Economic Review},
  year = {1972},
  volume = {62},
  pages = {777--795},
  number = {5}  
}

@ARTICLE{Allen2009,
  author = {Allen, Franklin and Chakrabarti, Rajesh and De, Sankar and Qian,
	Jun and Qian, Meijun},
  title = {Financing Firms in India},
  journal = {{SSRN} {eLibrary}},
  year = {2009},
  url = {http://papers.ssrn.com/sol3/papers.cfm?abstract_id=898066},
  urldate = {2012-10-30}
}

@ARTICLE{Arellano1987,
  author = {Arellano, M.},
  title = {Computing Robust Standard Errors for Within-groups Estimators},
  journal = {Oxford bulletin of Economics and Statistics},
  year = {1987},
  volume = {49},
  pages = {431--434},
  number = {4}  
}

@TECHREPORT{Atanasov2008,
  author = {Atanasov, V. and Black, B. and Ciccotello, C.},
  title = {Unbundling and measuring tunneling},
  institution = {University of Texas School of Law},
  year = {2008},
  type = {Working Paper},
  number = {117} 
}

@BOOK{Baltagi2005,
  title = {Econometric analysis of panel data},
  publisher = {Wiley},
  year = {2005},
  author = {Baltagi, {B.H.}}  
}

@ARTICLE{Bartelsman2003,
  author = {Bartelsman, {E.J.} and Beetsma, {R.M.W.J.}},
  title = {Why pay more? Corporate tax avoidance through transfer pricing in
	{OECD} countries},
  journal = {Journal of Public Economics},
  year = {2003},
  volume = {87},
  pages = {2225--2252},
  number = {9-10}  
}

@ARTICLE{Bello2012,
  author = {Bello, Daniel C and Kostova, Tatiana},
  title = {From the Editors: Conducting high impact international business research:
	The role of theory},
  journal = {Journal of International Business Studies},
  year = {2012},
  volume = {43},
  pages = {537--543},
  number = {6}  
}

@ARTICLE{Bertrand2002,
  author = {Bertrand, M. and Mehta, P. and Mullainathan, S.},
  title = {Ferreting out Tunneling: An Application to Indian Business Groups},
  journal = {The Quarterly journal of economics},
  year = {2002},
  volume = {117},
  pages = {121--148},
  number = {1}  
}

@ARTICLE{Boulton2010,
  author = {Boulton, Thomas J and Smart, Scott B and Zutter, Chad J},
  title = {{IPO} underpricing and international corporate governance},
  journal = {Journal of International Business Studies},
  year = {2010},
  volume = {41},
  pages = {206--222},
  number = {2}  
}

@ARTICLE{Chang2011,
  author = {Chang, Yi-Chieh and Kao, Ming-Sung and Kuo, Anthony and Chiu, Chih-Fang},
  title = {How cultural distance influences entry mode choice: The contingent
	role of host country's governance quality},
  journal = {Journal of Business Research},
  year = {2011},
  volume = {65},
  pages = {1160--1170},
  number = {8}
}


@ARTICLE{Christensen2004,
  author = {Christensen, John and Murphy, Richard},
  title = {The Social Irresponsibility of Corporate Tax Avoidance: Taking {CSR}
	to the bottom line},
  journal = {Development},
  year = {2004},
  volume = {47},
  pages = {37--44},
  number = {3}  
}

@ARTICLE{Coffee2000,
  author = {Coffee, John C. Jr},
  title = {Do Norms Matter--A Cross-Country Evaluation},
  journal = {University of Pennsylvania Law Review},
  year = {2000},
  volume = {149},  
  pages = {21--51}  
}

@ARTICLE{Connelly2010,
  author = {Connelly, Brian L and Hoskisson, Robert E and Tihanyi, Laszlo and
	Certo, S. Trevis},
  title = {Ownership as a Form of Corporate Governance},
  journal = {Journal of Management Studies},
  year = {2010},
  volume = {47},
  pages = {1561--1589},
  number = {8}
  
}

@ARTICLE{Dequech2006,
  title={The new institutional economics and the theory of behaviour under uncertainty},
  author={Dequech, D.},
  journal={Journal of Economic Behavior \& Organization},
  volume={59},
  number={1},
  pages={109--131},
  year={2006}  
}

@ARTICLE{Aalton1999,
  author = {Dalton, Dan R. and Daily, Catherine M. and Johnson, Jonathan L. and
	Ellstrand, Alan E.},
  title = {Number of Directors and Financial Performance: A Meta-Analysis},
  journal = {The Academy of Management Journal},
  year = {1999},
  volume = {42},
  pages = {674--686},
  number = {6}  
}

@ARTICLE{Aequech2006,
  author = {Dequech, David},
  title = {The new institutional economics and the theory of behaviour under
	uncertainty},
  journal = {Journal of Economic Behavior \& Organization},
  year = {2006},
  volume = {59},
  pages = {109--131},
  number = {1}  
}

@ARTICLE{Dalton1999,
  title={Number of Directors and Financial Performance: A Meta-Analysis.},
  author={Dalton, D.R. and Daily, C.M. and Johnson, J.L. and Ellstrand, A.E.},
  journal={Academy of Management Journal},
  volume={42},
  number={6},
  pages={674--686},
  year={1999} 
}

}@ARTICLE{Desai2006,
  author = {Desai, Mihir A. and Dharmapala, Dhammika},
  title = {Corporate tax avoidance and high-powered incentives},
  journal = {Journal of Financial Economics},
  year = {2006},
  volume = {79},
  pages = {145--179},
  number = {1}  
}

@ARTICLE{Desai2007,
  author = {Desai, Mihir A. and Dyck, Alexander and Zingales, Luigi},
  title = {Theft and taxes},
  journal = {Journal of Financial Economics},
  year = {2007},
  volume = {84},
  pages = {591--623},
  number = {3}  
}

@ARTICLE{Desai2004,
  author = {Desai, Mihir A and Foley, {C.Fritz} and Hines Jr., James R},
  title = {The costs of shared ownership: Evidence from international joint
	ventures},
  journal = {Journal of Financial Economics},
  year = {2004},
  volume = {73},
  pages = {323--374},
  number = {2}  
}

@TECHREPORT{Devereux2007,
  author = {Devereux, Michael P.},
  title = {The Impact of Taxation on the Location of Capital, Firms and Profit:
	a Survey of Empirical Evidence},
  institution = {Oxford University Centre for Business Taxation},
  year = {2007},
  type = {Working Paper},
  number = {0702}  
}

@ARTICLE{Dharmapala2008,
  author = {Dharmapala, D.},
  title = {What problems and opportunities are created by tax havens?},
  journal = {Oxford Review of Economic Policy},
  year = {2008},
  volume = {24},
  pages = {661--679},
  number = {4}  
}

@ARTICLE{Dharmapala2009,
  author = {Dharmapala, D. and Hines Jr, {J.R.}},
  title = {Which countries become tax havens?},
  journal = {Journal of Public Economics},
  year = {2009},
  volume = {93},
  pages = {1058--1068},
  number = {9-10}  
}

@ARTICLE{Dharmapala2012,
  author = {Dharmapala, Dhammika and Riedel, Nadine},
  title = {Earnings Shocks and Tax-Motivated Income-Shifting: Evidence from
	European Multinationals},
  journal = {Journal of Public Economics (Advance online copy)},
  year = {2012},  
}

@ARTICLE{Dharwadkar2000,
  author = {Dharwadkar, Ravi and George, Gerard and Brandes, Pamela},
  title = {Privatization in Emerging Economies: An Agency Theory Perspective},
  journal = {The Academy of Management Review},
  year = {2000},
  volume = {25},
  pages = {650--669},
  number = {3}  
}

@ARTICLE{Dikova2007,
  author = {Dikova, Desislava and van Witteloostuijn, Arjen},
  title = {Foreign direct investment mode choice: entry and establishment modes
	in transition economies},
  journal = {Journal of International Business Studies},
  year = {2007},
  volume = {38},
  pages = {1013--1033},
  number = {6}  
}

@ARTICLE{Dixit2009,
  author = {Dixit, A.},
  title = {Governance institutions and economic activity},
  journal = {American Economic Review},
  year = {2009},
  volume = {99},
  pages = {5--24},
  number = {1}  
}

@ARTICLE{Dixon2012,
  author = {Dixon, Kim},
  title = {Microsoft, {HP} skirted taxes via offshore units: {U.S.} Senate panel},
  journal = {Reuters},
  year = {2012},
  month = sep,
  url = {http://www.reuters.com/article/2012/09/20/us-usa-taxes-offshore-idUSBRE88J0VY20120920},
  urldate = {2012-10-11}
}

@ARTICLE{Djankov2008,
  author = {Djankov, S. and La Porta, R. and Lopez-de-Silanes, F. and Shleifer,
	A.},
  title = {The law and economics of self-dealing},
  journal = {Journal of financial economics},
  year = {2008},
  volume = {88},
  pages = {430--465},
  number = {3}  
}

@ARTICLE{Djankov2001,
  author = {Djankov, Simeon and {McLiesh}, Caralee and Nenova, Tatiana and Shleifer,
	Andrei},
  title = {Who Owns the Media?},
  journal = {National Bureau of Economic Research Working Paper Series},
  year = {2001},
  volume = {No. 8288},
  number={xx}  
}

@ARTICLE{Doidge2007,
  author = {Doidge, C. and Andrew Karolyi, G. and Stulz, {R.M.}},
  title = {Why do countries matter so much for corporate governance?},
  journal = {Journal of Financial Economics},
  year = {2007},
  volume = {86},
  pages = {1--39},
  number = {1}  
}

@ARTICLE{Douma2006,
  author = {Douma, Sytse and George, Rejie and Kabir, Rezaul},
  title = {Foreign and Domestic Ownership, Business Groups, and Firm Performance:
	Evidence from a Large Emerging Market},
  journal = {Strategic Management Journal},
  year = {2006},
  volume = {27},
  pages = {637--657},
  number = {7}  
}

@ARTICLE{Driscoll1998,
  author = {Driscoll, J. C. and Kraay, A. C.},
  title = {Consistent covariance matrix estimation with spatially dependent
	panel data},
  journal = {Review of Economics and Statistics},
  year = {1998},
  volume = {80},
  pages = {549--560},
  number = {4}  
}

@ARTICLE{Dunning1980,
  author = {Dunning, {J.H.}},
  title = {Towards an eclectic theory of international production: some empirical
	tests},
  journal = {Journal of international business studies},
  year = {1980},
  volume = {11},
  pages = {9--31},
  number = {1}  
}

@ARTICLE{Durnev2009,
  author = {Durnev, Art and Errunza, Vihang and Molchanov, Alexander},
  title = {Property rights protection, corporate transparency, and growth},
  journal = {Journal of International Business Studies},
  year = {2009},
  volume = {40},
  pages = {1533--1562},
  number = {9}  
}

@ARTICLE{Dyck2004,
  author = {Dyck, A. and Zingales, L.},
  title = {Private Benefits of Control: An International Comparison},
  journal = {The Journal of Finance},
  year = {2004},
  volume = {59},
  pages = {537--600},
  number = {2}  
}

@ARTICLE{Filatotchev2011,
  author = {Filatotchev, I. and Wright, M.},
  title = {Agency perspectives on corporate governance of multinational enterprises},
  journal = {Journal of Management Studies},
  year = {2011},
  volume = {48},
  pages = {471--486},
  number = {2}  
}

@ARTICLE{Friedman2000,
  author = {Friedman, E. and Johnson, S. and Kaufmann, D. and Zoido-Lobaton,
	P.},
  title = {Dodging the grabbing hand: the determinants of unofficial activity
	in 69 countries},
  journal = {Journal of Public Economics},
  year = {2000},
  volume = {76},
  pages = {459--493},
  number = {3}  
}

@TECHREPORT{Fuest2009,
  author = {Fuest, Clemens and Riedel, Nadine},
  title = {Tax evasion, tax avoidance and tax expenditures in developing countries:
	A review of literature},
  institution = {Oxford University Centre for Business Taxation},
  year = {2009}  
}

@ARTICLE{Ghoshal1990,
  author = {Ghoshal, Sumantra and Bartlett, Christopher A.},
  title = {The Multinational Corporation as an Interorganizational Network},
  journal = {The Academy of Management Review},
  year = {1990},
  volume = {15},
  pages = {603--625},
  number = {4}  
}

@ARTICLE{Gopalan2007,
  author = {Gopalan, R. and Nanda, V. and Seru, A.},
  title = {Affiliated firms and financial support: Evidence from Indian business
	groups},
  journal = {Journal of Financial Economics},
  year = {2007},
  volume = {86},
  pages = {759--795},
  number = {3}  
}

@ARTICLE{Grant1987,
  author = {Grant, {R.M.}},
  title = {Multinationality and performance among British manufacturing companies},
  journal = {Journal of International Business Studies},
  year = {1987},
  volume = {18},
  pages = {79--89},
  number = {3}  
}

@ARTICLE{Gresik2001,
  author = {Gresik, Thomas A.},
  title = {The Taxing Task of Taxing Transnationals},
  journal = {Journal of Economic Literature},
  year = {2001},
  volume = {39},
  pages = {800--838},
  number = {3}  
}

@ARTICLE{Grossman1986,
  author = {Grossman, Sanford J. and Hart, Oliver D.},
  title = {The Costs and Benefits of Ownership: A Theory of Vertical and Lateral
	Integration},
  journal = {Journal of Political Economy},
  year = {1986},
  volume = {94},
  pages = {691--719},
  number = {4}  
}

@ARTICLE{Grubert1991,
  author = {Grubert, H. and Mutti, J.},
  title = {Taxes, tariffs and transfer pricing in multinational corporate decision
	making},
  journal = {The Review of Economics and Statistics},
  year = {1991},
  volume = {73},
  pages = {285--293},
  number = {2}  
}

@ARTICLE{Gupta1997,
  author = {Gupta, S. and Newberry, K.},
  title = {Determinants of the variability in corporate effective tax rates:
	Evidence from longitudinal data},
  journal = {Journal of Accounting and Public Policy},
  year = {1997},
  volume = {16},
  pages = {1--34},
  number = {1}  
}

@ARTICLE{Han2008,
  author = {Han, S. and Kang, T. and Salter, S. and Yoo, {Y.K.}},
  title = {A cross-country study on the effects of national culture on earnings
	management},
  journal = {Journal of International Business Studies},
  year = {2008},
  volume = {41},
  pages = {123--141},
  number = {1}  
}

@ARTICLE{Hart1990,
  author = {Hart, O. and Moore, J.},
  title = {Property Rights and the Nature of the Firm},
  journal = {Journal of political economy},
  year = {1990},
  pages = {1119--1158},
  volume={98},
  number={6}  
}

@ARTICLE{Haxhi2010,
  author = {Haxhi, I. and Van Ees, H.},
  title = {Explaining diversity in the worldwide diffusion of codes of good
	governance},
  journal = {Journal of International Business Studies},
  year = {2010},
  volume = {41},
  pages = {710--726},
  number = {4}  
}

@ARTICLE{Horst1971,
  author = {Horst, T.},
  title = {The theory of the multinational firm: Optimal behavior under different
	tariff and tax rates},
  journal = {The Journal of Political Economy},
  year = {1971},
  pages = {1059--1072},
  volume={79},
  number={5}
  
}

@ARTICLE{Huizinga2008,
  author = {Huizinga, H. and Laeven, L.},
  title = {International profit shifting within multinationals: A multi-country
	perspective},
  journal = {Journal of Public Economics},
  year = {2008},
  volume = {92},
  pages = {1164--1182},
  number = {5}  
}

@INCOLLECTION{Hymer1993,
  author = {Hymer, S.},
  title = {On multinational corporations and foreign direct investment},
  booktitle = {The Theory of Transnational Corporations},
  publisher = {{UN} Library on Transnational Corporations},
  year = {1993},
  volume = {1},
  pages = {23--43},
  address = {London},
  edition = {John Dunning}  
}

@ARTICLE{Jackson2008,
  author = {Jackson, Gregory and Deeg, Richard},
  title = {Comparing capitalisms: understanding institutional diversity and
	its implications for international business},
  journal = {Journal of International Business Studies},
  year = {2008},
  volume = {39},
  pages = {540--561},
  number = {4}  
}

@ARTICLE{Johnson1998,
  title={Regulatory discretion and the unofficial economy},
  author={Johnson, S. and Kaufmann, D. and Zoido, P.},
  journal={American Economic Review},
  volume={88},
  number={2},
  year={1998}
}

@TECHREPORT{Kar2011,
  author = {Kar, Dev and Freitas, Sarah},
  title = {Illicit Financial Flows from Developing Countries Over the Decade
	Ending 2009},
  institution = {Global Financial Integiry},
  year = {2011}  
}

@TECHREPORT{Kaufmann2010,
  author = {Kaufmann, D. and Kraay, A. and Mastruzzi, M.},
  title = {The worldwide governance indicators: methodology and analytical issues},
  institution = {World Bank},
  year = {2010},
  type = {Policy Research Working Paper},
  number = {5430}  
}

@ARTICLE{Kogut1993,
  author = {Kogut, B. and Zander, U.},
  title = {Knowledge of the firm and the evolutionary theory of the multinational
	corporation},
  journal = {Journal of international business studies},
  year = {1993},
  volume = {24},
  pages = {625--645},
  number = {4}  
}

@ARTICLE{Kostova2008,
  author = {Kostova, T. and Roth, K. and Dacin, {M.T.}},
  title = {Institutional Theory in the Study of Multinational Corporations:
	A Critique and new Directions},
  journal = {The Academy of Management Review},
  year = {2008},
  volume = {33},
  pages = {994--1006},
  number = {4}  
}

@ARTICLE{Lamont2009,
  title={Cash Flow and Investment: Evidence from Internal Capital Markets},
  author={Lamont, O.},
  journal={Journal of Finance},
  volume={52},
  number={1},
  pages={83--109},
  year={2009}  
}

@ARTICLE{Lopez1997,
  title={Legal determinants of external finance},
  author={Lopez de Silanes, F. and La Porta, R. and Shleifer, A. and Vishny, R.},
  journal={Journal of Finance},
  volume={52},
  pages={1131--1150},
  year={1997}
}

@ARTICLE{LaPorta1998,
  title={Law and Finance},
  author={La Porta, R. and Lopez-de-Silanes, F. and Shleifer, A. and Vishny, R.W.},
  journal={The Journal of Political Economy},
  volume={106},
  number={6},
  pages={1113--1155},
  year={1998}
}

@ARTICLE{Kotabe2002,
  author = {Kotabe, M. and Srinivasan, {S.S.} and Aulakh, {P.S.}},
  title = {Multinationality and firm performance: The moderating role of {R\&D}
	and marketing capabilities},
  journal = {Journal of International Business Studies},
  year = {2002},
  volume = {33},
  pages = {79--97},
  number = {1}  
}

@ARTICLE{Mudambi1999,
  author = {Mudambi, R.},
  title = {{MNE} Internal Capital Markets and Subsidiary Strategic Independence},
  journal = {International Business Review},
  year = {1999},
  volume = {8},
  pages = {197--211},
  number = {2}  
}

@ARTICLE{Newey1987,
  author = {Newey, W. K. and West, K. D.},
  title = {A simple, positive semi-definite, heteroskedasticity and autocorrelation
	consistent covariance matrix},
  journal = {Econometrica: Journal of the Econometric Society},
  year = {1987},
  volume = {55},
  pages = {703--708},
  number = {3}  
}

@BOOK{North1990,
  title={Institutions, institutional change and economic performance},
  author={North, D.C.},
  year={1990},
  publisher={Cambridge university press}
}

@ARTICLE{Olson1993,
  author = {Olson, Mancur},
  title = {Dictatorship, Democracy, and Development},
  journal = {The American Political Science Review},
  year = {1993},
  volume = {87},
  pages = {567},
  number = {3}
}

@ARTICLE{Peng2008,
  author = {Peng, M W and Wang, D Y L and Jiang, Y},
  title = {An institution-based view of international business strategy: A focus
	on emerging economies},
  journal = {Journal of International Business Studies},
  year = {2008},
  volume = {39},
  pages = {920--936},
  number = {5}  
}

@ARTICLE{Rao2011,
  author = {Rao, {K.S.C.} and Dhar, B.},
  title = {Foreign Direct Investment Caps in India and Corporate Control Mechanisms},
  journal = {Economic \& Political Weekly},
  year = {2011},
  volume = {46},
  pages = {67},
  number = {14}  
}

@ARTICLE{Roy2011,
  author = {Roy, {Jean Paul}},
  title = {{IJV} Partner Trustworthy Behaviour: The Role of Host Country Governance
	and Partner Selection Criteria},
  journal = {Journal of Management Studies},
  year = {2011},
  volume = {49},
  pages = {332--355},
  number = {2}  
}

@ARTICLE{Sarkar2000,
  author = {Sarkar, Jayati and Sarkar, Subrata},
  title = {Large Shareholder Activism in Corporate Governance in Developing
	Countries: Evidence from India},
  journal = {International Review of Finance},
  year = {2000},
  volume = {1},
  pages = {161--194},
  number = {3}  
}

@BOOK{Scott2001,
  title = {Institutions and organizations},
  publisher = {Sage Publications, Inc},
  year = {2001},
  author = {Scott, {W.R.}},
  edition = {2}  
}

@ARTICLE{Shin1998,
  title={Are internal capital markets efficient?},
  author={Shin, H.H. and Stulz, R.M.},
  journal={The Quarterly Journal of Economics},
  volume={113},
  number={2},
  pages={531--552},
  year={1998}  
}

@ARTICLE{Siegel2012,
  author = {Siegel, Jordan and Choudhury, Prithwiraj},
  title = {A Reexamination of Tunneling and Business Groups: New Data and New
	Methods},
  journal = {Review of Financial Studies},
  year = {2012},
  volume = {25},
  pages = {1763--1798},
  number = {6}  
}

@ARTICLE{Slangen2009,
  author = {Slangen, Arjen {H.L.} and van Tulder, Rob {J.M.}},
  title = {Cultural distance, political risk, or governance quality? Towards
	a more accurate conceptualization and measurement of external uncertainty
	in foreign entry mode research},
  journal = {International Business Review},
  year = {2009},
  volume = {18},
  pages = {276--291},
  number = {3}
}

@ARTICLE{Slangen2010,
  author = {Slangen, Arjen H L and Beugelsdijk, Sjoerd},
  title = {The impact of institutional hazards on foreign multinational activity:
	A contingency perspective},
  journal = {Journal of International Business Studies},
  year = {2010},
  volume = {41},
  pages = {980--995},
  number = {6}  
}

@ARTICLE{Tallman1996,
  author = {Tallman, S. and Li, J.},
  title = {Effects of international diversity and product diversity on the performance
	of multinational firms},
  journal = {Academy of Management Journal},
  year = {1996},
  volume = {39},
  pages = {179--196},
  number = {1}  
}

@ARTICLE{Weitzel2006,
  author = {Weitzel, U. and Berns, S.},
  title = {Cross-border takeovers, corruption, and related aspects of governance},
  journal = {Journal of International Business Studies},
  year = {2006},
  volume = {37},
  pages = {786--806},
  number = {6}  
}

@ARTICLE{Williamson1979,
  title={Transaction-cost economics: the governance of contractual relations},
  author={Williamson, O.E.},
  journal={Journal of law and economics},
  volume={22},
  number={2},
  pages={233--261},
  year={1979}  
}

@ARTICLE{Yoshikawa2005,
  author = {Yoshikawa, Toru and Phan, Phillip H. and David, Parthiban},
  title = {The Impact of Ownership Structure on Wage Intensity in Japanese Corporations},
  journal = {Journal of Management},
  year = {2005},
  volume = {31},
  pages = {278 --300},
  number = {2}
}

@ARTICLE{Young2008,
  title={Corporate governance in emerging economies: A review of the principal--principal perspective},
  author={Young, M.N. and Peng, M.W. and Ahlstrom, D. and Bruton, G.D. and Jiang, Y.},
  journal={Journal of Management Studies},
  volume={45},
  number={1},
  pages={196--220},
  year={2008}  
}

@ARTICLE{Zingales2002,
  title={In search of new foundations},
  author={Zingales, L.},
  journal={The journal of Finance},
  volume={55},
  number={4},
  pages={1623--1653},
  year={2002}  
}


@article{Chang2011,
  title={Institutions and economic development: theory, policy and history},
  author={Chang, Ha-Joon},
  journal={Journal of Institutional Economics},
  volume={7},
  number={4},
  pages={473},
  year={2011}
}

@incollection{Khanna2000,
  title={Emerging market business groups, foreign intermediaries, and corporate governance},
  author={Khanna, Tarun and Palepu, Krishna},
  booktitle={Concentrated corporate ownership},
  pages={265--294},
  year={2000},
  publisher={University of Chicago Press}
}

@article{Krueger1974,
  title={The political economy of the rent-seeking society},
  author={Krueger, Anne O},
  journal={The American Economic Review},
  volume={64},
  number={3},
  pages={291--303},
  year={1974}
}

@article{LaPorta2000,
  title={Investor protection and corporate governance},
  author={La Porta, Rafael and Lopez-de-Silanes, Florencio and Shleifer, Andrei and Vishny, Robert},
  journal={Journal of financial economics},
  volume={58},
  number={1},
  pages={3--27},
  year={2000}
}

@article{Lipsey1956,
  title={The general theory of second best},
  author={Lipsey, Richard G and Lancaster, Kelvin},
  journal={The review of economic studies},
  volume={24},
  number={1},
  pages={11--32},
  year={1956}
}

@article{Menard2008,
  title={A new institutional approach to organization},
  author={M{\'e}nard, Claude},
  journal={Handbook of new institutional economics},
  pages={281--318},
  year={2008},
  publisher={Springer}
}

@article{Patibandla2006,
  title={Equity pattern, corporate governance and performance: A study of India's corporate sector},
  author={Patibandla, Murali},
  journal={Journal of Economic Behavior \& Organization},
  volume={59},
  number={1},
  pages={29--44},
  year={2006}
}

@article{Riedel2007,
  title={Company tax reform with a water's edge},
  author={Riedel, Nadine and Runkel, Marco},
  journal={Journal of Public Economics},
  volume={91},
  number={7},
  pages={1533--1554},
  year={2007}
}

@article{shleifer1986large,
  title={Large shareholders and corporate control},
  author={Shleifer, Andrei and Vishny, Robert W},
  journal={The Journal of Political Economy},
  volume={96},
  pages={461--488},
  year={1986}
}

@article{Stiglitz1989,
  title={Financial markets and development},
  author={Stiglitz, Joseph E},
  journal={Oxford Review of Economic Policy},
  volume={5},
  number={4},
  pages={55--68},
  year={1989}
}

@article{Tullock1967,
  title={The welfare costs of tariffs, monopolies, and theft},
  author={Tullock, Gordon},
  journal={Economic Inquiry},
  volume={5},
  number={3},
  pages={224--232},
  year={1967}
}


