%% Chapter03 References.

@article{Simar1999,
  title={Estimating and bootstrapping Malmquist indices},
  author={Simar, L. and Wilson, P.W.},
  journal={European Journal of Operational Research},
  volume={115},
  number={3},
  pages={459--471},
  year={1999}  
}

@article{Wheelock1999,
  title={Technical progress, inefficiency, and productivity change in US banking, 1984-1993},
  author={Wheelock, D.C. and Wilson, P.W.},
  journal={Journal of Money, Credit, and Banking},
  pages={212--234},
  volume={31},
  number={2},  
  year={1999}
  
}


@TECHREPORT{CEA2008,
  title={Review of Performance of Thermal Power Stations 2007-08},
  author={CEA},
  year={2008},
  type={Report},
  institution={Central Electricity Authority, Ministry of Power, Government of India},
  volume={1},
  address={New Delhi}
}

@article{Fare1992,
  title={Productivity changes in Swedish pharamacies 1980--1989: A non-parametric Malmquist approach},
  author={F{\"a}re, R. and Grosskopf, S. and Lindgren, B. and Roos, P.},
  journal={Journal of Productivity Analysis},
  volume={3},
  number={1},
  pages={85--101},
  year={1992},
  publisher={Springer}
}

@article{Malmquist1953,
  title={Index numbers and indifference surfaces},
  author={Malmquist, S.},
  journal={Trabajos de Estadistica y de Investigacion Operativa},
  volume={4},
  number={2},
  pages={209--242},
  year={1953},
  publisher={Springer}
}

@book{Shephard1981,
  title={Cost and production functions},
  author={Shephard, R.W.},
  year={1981},
  publisher={Springer-Verlag (Berlin and New York)}
}

@article{Grosskopf1986,
  title={The role of the reference technology in measuring productive efficiency},
  author={Grosskopf, S.},
  journal={The Economic Journal},
  volume={96},
  number={382},
  pages={499--513},
  year={1986}  
}


@ARTICLE{Hjalmarsson1996,
  author = {Hjalmarsson, L. and Kumbhakar, S.C. and Heshmati, A.},
  title = {{DEA}, {DFA} and {SFA:} A comparison},
  journal = {Journal of Productivity Analysis},
  year = {1996},
  volume = {7},
  pages = {303--327},
  number = {2-3}  
}


@ARTICLE{Jamasb2000,
  title={Benchmarking and regulation: international electricity experience},
  author={Jamasb, T. and Pollitt, M.},
  journal={Utilities Policy},
  volume={9},
  number={3},
  pages={107--130},
  year={2000},
  publisher={Elsevier}
}

@article{Simar1999a,
  title={Of course we can bootstrap DEA scores! But does it mean anything? Logic trumps wishful thinking},
  author={Simar, L. and Wilson, P.W.},
  journal={Journal of Productivity Analysis},
  volume={11},
  number={1},
  pages={93--97},
  year={1999},
  publisher={Springer}
}

@ARTICLE{Chitkara1999,
  title={A data envelopment analysis approach to evaluation of operational inefficiencies in power generating units: a case study of Indian power plants},
  author={Chitkara, P.},
  journal={Power Systems, IEEE Transactions on},
  volume={14},
  number={2},
  pages={419--425},
  year={1999},
  publisher={IEEE}
}


@ARTICLE{Shanmugam2005,
  title={Efficiency analysis of coal-based thermal power generation in India during post-reform era},
  author={Shanmugam, KR and Kulshreshtha, P.},
  journal={International journal of global energy issues},
  volume={23},
  number={1},
  pages={15--28},
  year={2005}  
}

@ARTICLE{Thakur2006,
  title={Efficiency evaluation of the state owned electric utilities in India},
  author={Thakur, T. and Deshmukh, S.G. and Kaushik, S.C.},
  journal={Energy Policy},
  volume={34},
  number={17},
  pages={2788--2804},
  year={2006}  
}


@ARTICLE{Shrivastava2012,
  author = {Shrivastava, N. and Sharma, S. and Chauhan, K.},
  title = {{Efficiency assessment and benchmarking of thermal power plants in
	India}},
  journal = {Energy Policy},
  year = {2012},
  volume = {40},
  pages = {159 - 176}
}


@ARTICLE{Yadav2010,
  author = {Yadav, V.K. and Padhy, N.P. and Gupta, H.O.},
  title = {{A micro level study of an Indian electric utility for efficiency
	enhancement}},
  journal = {Energy},
  year = {2010},
  volume = {35},
  pages = {4053--4063},
  number = {10}
}

@ARTICLE{Yadav2011,
  title={Performance evaluation and improvement directions for an Indian electric utility},
  author={Yadav, V.K. and Padhy, N.P. and Gupta, H.O.},
  journal={Energy Policy},
  volume={39},
  number={11},
  pages={7112--7120},
  year={2011}  
}

@ARTICLE{Singh1991,
  title={Plant size and technical efficiency in the Indian thermal power industry},
  author={Singh, J.},
  journal={Indian Economic Review},
  pages={239--252},
  year={1991},
  publisher={JSTOR}
}

@article{Debreu1951,
  title={The coefficient of resource utilization},
  author={Debreu, G.},
  journal={Econometrica: Journal of the Econometric Society},
  volume={19},
  number={3},
  pages={273--292},
  year={1951},
  publisher={JSTOR}
}

@article{Farrell1957,
  title={The measurement of productive efficiency},
  author={Farrell, M.J.},
  journal={Journal of the Royal Statistical Society. Series A (General)},
  volume={120},
  number={3},
  pages={253--290},
  year={1957},
  publisher={JSTOR}
}

@ARTICLE{Zhou2008,
  title={A survey of data envelopment analysis in energy and environmental studies},
  author={Zhou, P. and Ang, B.W. and Poh, K.L.},
  journal={European Journal of Operational Research},
  volume={189},
  number={1},
  pages={1--18},
  year={2008}  
}

@ARTICLE{Abbott2005,
  author = {Abbott, M.},
  title = {Determining levels of productivity and efficiency in the electricity
	industry},
  journal = {The Electricity Journal},
  year = {2005},
  volume = {18},
  pages = {62--72},
  number = {9},
  publisher = {Elsevier}
}

@ARTICLE{Jamasb2001,
  title={Benchmarking and regulation: international electricity experience},
  author={Jamasb, T. and Pollitt, M.},
  journal={Utilities Policy},
  volume={9},
  number={3},
  pages={107--130},
  year={2000},
  publisher={Elsevier}
}
