%% Introduction.bibs

@incollection{Coase2005,
  title={The institutional structure of production},
  author={Coase, R.H.},
  booktitle={Handbook of New Institutional Economics},
  pages={31--39},
  year={2005},
  publisher={Springer}
}

@incollection{Williamson2005,
  title={Transaction cost economics},
  author={Williamson, O.E.},
  booktitle={Handbook of New Institutional Economics},
  pages={41--68},
  year={2005},
  publisher={Springer}
}


@book{North1992,
  title={Transaction costs, institutions, and economic performance},
  author={North, D.C.},
  year={1992},
  publisher={ICS Press}
}

@article{Gibbons2005,
  title={Four formal (izable) theories of the firm?},
  author={Gibbons, R.},
  journal={Journal of Economic Behavior \& Organization},
  volume={58},
  number={2},
  pages={200--245},
  year={2005},
  publisher={Elsevier}
}

@article{Coase1937,
  title={The nature of the firm},
  author={Coase, R.H.},
  journal={Economica},
  volume={4},
  number={16},
  pages={386--405},
  year={1937}  
}

@article{Williamson1979,
  title={Transaction-cost economics: the governance of contractual relations},
  author={Williamson, O.E.},
  journal={Journal of law and economics},
  volume={22},
  number={2},
  pages={233--261},
  year={1979}  
}


@book{Williamson1985,
  title={The economic institutions of capitalism},
  author={Williamson, O.E.},
  year={1985},
  publisher={Free Press},
  address={New York}
}

@article{Klein1978,
  title={Vertical integration, appropriable rents, and the competitive contracting process},
  author={Klein, B. and Crawford, R.G. and Alchian, A.A.},
  journal={Journal of Law and Economics},
  volume={21},
  number={2},
  pages={297--326},
  year={1978}  
}

@article{Joskow1985,
  title={Vertical integration and long-term contracts: The case of coal-burning electric generating plants},
  author={Joskow, P.L.},
  journal={Journal of Law, Economics, and Organization},
  volume={1},
  pages={33},
  year={1985}  
}

@ARTICLE{Grossman1986,
  author = {Grossman, Sanford J. and Hart, Oliver D.},
  title = {The Costs and Benefits of Ownership: A Theory of Vertical and Lateral
	Integration},
  journal = {Journal of Political Economy},
  year = {1986},
  volume = {94},
  pages = {691--719},
  number = {4}  
}

@ARTICLE{Hart1990,
  author = {Hart, O. and Moore, J.},
  title = {Property Rights and the Nature of the Firm},
  journal = {Journal of political economy},
  year = {1990},
  pages = {1119--1158},
  volume={98},
  number={6}  
}

@article{Williamson1971,
  title={The vertical integration of production: market failure considerations},
  author={Williamson, O.E.},
  journal={The American Economic Review},
  pages={112--123},
  year={1971} 
}

@article{Holmstrom1994,
  title={The firm as an incentive system},
  author={Holmstrom, B. and Milgrom, P.},
  journal={The American Economic Review},
  pages={972--991},
  year={1994}  
}

@article{Holmstrom1991,
  title={Transfer pricing and organizational form},
  author={Holmstrom, B. and Tirole, J.},
  journal={Journal of Law, Economics, and Organization},
  volume={7},
  pages={201},
  year={1991}  
}

@article{Simon1951,
  title={A formal theory of the employment relationship},
  author={Simon, H.A.},
  journal={Econometrica},
  pages={293--305},
  volume={19},
  year={1951}  
}

@article{Williamson1991,
  title={Comparative economic organization: The analysis of discrete structural alternatives},
  author={Williamson, O.E.},
  journal={Administrative Science Quarterly},
  pages={269--296},
  volume={36},
  year={1991}  
}

@book{Penrose1995,
  title={The Theory of the Growth of the Firm},
  author={Penrose, E.T.},
  year={1995},
  publisher={Oxford University Press, USA}
}

@article{Wernerfelt1984,
  title={A resource-based view of the firm},
  author={Wernerfelt, B.},
  journal={Strategic management journal},
  volume={5},
  number={2},
  pages={171--180},
  year={1984}  
}

@book{Nelson1982,
  title={An evolutionary theory of economic change},
  author={Nelson, R.R. and Winter, S.G.},
  year={1982},
  publisher={Belknap press}
}

@article{Henderson1990,
  title={Architectural innovation: The reconfiguration of existing product technologies and the failure of established firms},
  author={Henderson, R.M. and Clark, K.B.},
  journal={Administrative science quarterly},
  pages={9--30},
  volume={35},
  year={1990}  
}

@article{Kogut1992,
  title={Knowledge of the firm, combinative capabilities, and the replication of technology},
  author={Kogut, B. and Zander, U.},
  journal={Organization science},
  volume={3},
  number={3},
  pages={383--397},
  year={1992}  
}

@book{Nonaka1995,
  title={The knowledge-creating company: How Japanese companies create the dynamics of innovation},
  author={Nonaka, I. and Takeuchi, H.},
  year={1995},
  publisher={Oxford University Press, USA}
}


@article{Chang2011,
  title={Institutions and economic development: theory, policy and history},
  author={Chang, Ha-Joon},
  journal={Journal of Institutional Economics},
  volume={7},
  number={4},
  pages={473},
  year={2011}
}

@incollection{Khanna2000,
  title={Emerging market business groups, foreign intermediaries, and corporate governance},
  author={Khanna, Tarun and Palepu, Krishna},
  booktitle={Concentrated corporate ownership},
  pages={265--294},
  year={2000},
  publisher={University of Chicago Press}
}

@article{Krueger1974,
  title={The political economy of the rent-seeking society},
  author={Krueger, Anne O},
  journal={The American Economic Review},
  volume={64},
  number={3},
  pages={291--303},
  year={1974}
}

@article{LaPorta2000,
  title={Investor protection and corporate governance},
  author={La Porta, Rafael and Lopez-de-Silanes, Florencio and Shleifer, Andrei and Vishny, Robert},
  journal={Journal of financial economics},
  volume={58},
  number={1},
  pages={3--27},
  year={2000}
}

@article{Lipsey1956,
  title={The general theory of second best},
  author={Lipsey, Richard G and Lancaster, Kelvin},
  journal={The review of economic studies},
  volume={24},
  number={1},
  pages={11--32},
  year={1956}
}

@article{Menard2008,
  title={A new institutional approach to organization},
  author={M{\'e}nard, Claude},
  journal={Handbook of new institutional economics},
  pages={281--318},
  year={2008},
  publisher={Springer}
}

@article{Patibandla2006,
  title={Equity pattern, corporate governance and performance: A study of India's corporate sector},
  author={Patibandla, Murali},
  journal={Journal of Economic Behavior \& Organization},
  volume={59},
  number={1},
  pages={29--44},
  year={2006}
}

@article{Riedel2007,
  title={Company tax reform with a water's edge},
  author={Riedel, Nadine and Runkel, Marco},
  journal={Journal of Public Economics},
  volume={91},
  number={7},
  pages={1533--1554},
  year={2007}
}

@article{shleifer1986large,
  title={Large shareholders and corporate control},
  author={Shleifer, Andrei and Vishny, Robert W},
  journal={The Journal of Political Economy},
  volume={96},
  pages={461--488},
  year={1986}
}

@article{Stiglitz1989,
  title={Financial markets and development},
  author={Stiglitz, Joseph E},
  journal={Oxford Review of Economic Policy},
  volume={5},
  number={4},
  pages={55--68},
  year={1989}
}

@article{Tullock1967,
  title={The welfare costs of tariffs, monopolies, and theft},
  author={Tullock, Gordon},
  journal={Economic Inquiry},
  volume={5},
  number={3},
  pages={224--232},
  year={1967}
}






